@misc{ databaseindex:wiki,
author = "{Wikipedia}",
title = "Database index",
year = "2024",
url = {https://en.wikipedia.org/wiki/Database_index},
}

@misc{ btree:wiki,
author = "{Wikipedia}",
title = "B tree",
year = "2024",
url = {https://en.wikipedia.org/wiki/B-tree},
}

@misc{ bptree:wiki,
author = "{Wikipedia}",
title = "B+ tree",
year = "2024",
url = {https://en.wikipedia.org/wiki/B%2B_tree},
}