@article{mccindexing:cappelli2010,
  title={Fingerprint indexing based on minutia cylinder-code},
  author={Cappelli, Raffaele and Ferrara, Matteo and Maltoni, Davide},
  journal={IEEE transactions on pattern analysis and machine intelligence},
  volume={33},
  number={5},
  pages={1051--1057},
  year={2010},
  publisher={IEEE}
}

@article{mccmatching:cappelli2010,
  title={Minutia cylinder-code: A new representation and matching technique for fingerprint recognition},
  author={Cappelli, Raffaele and Ferrara, Matteo and Maltoni, Davide},
  journal={IEEE transactions on pattern analysis and machine intelligence},
  volume={32},
  number={12},
  pages={2128--2141},
  year={2010},
  publisher={IEEE}
}

@article{triplet:bhanu2003,
  title={Fingerprint indexing based on novel features of minutiae triplets},
  author={Bhanu, Bir and Tan, Xuejun},
  journal={IEEE Transactions on Pattern Analysis and Machine Intelligence},
  volume={25},
  number={5},
  pages={616--622},
  year={2003},
  publisher={IEEE}
}

@book{bookfingerrec:maltoni2009,
  title={Handbook of fingerprint recognition},
  author={Maltoni, Davide and Maio, Dario and Jain, Anil K and Prabhakar, Salil and others},
  volume={2},
  year={2009},
  publisher={Springer}
}