@misc{ vectordb101:zilliz,
author = "{Zilliz}",
title = "Vector Database 101: Everything You Need to Know",
year = "2024",
url = {https://zilliz.com/blog/introduction-to-unstructured-data},
}

@misc{ kmeans:wiki,
author = "{Wikipedia}",
title = "$k$-means clustering",
year = "2024",
url = {https://en.wikipedia.org/wiki/K-means_clustering},
}

@misc{ lloydsalg:wiki,
author = "{Wikipedia}",
title = "Lloyd's algorithm",
year = "2024",
url = {https://en.wikipedia.org/wiki/Lloyd%27s_algorithm},
}

@article{smallworldgraphs:malkov2014,
  title={Approximate nearest neighbor algorithm based on navigable small world graphs},
  author={Malkov, Yury and Ponomarenko, Alexander and Logvinov, Andrey and Krylov, Vladimir},
  journal={Information Systems},
  volume={45},
  pages={61--68},
  year={2014},
  publisher={Elsevier}
}

@article{hnsw:malkov2018,
  title={Efficient and robust approximate nearest neighbor search using hierarchical navigable small world graphs},
  author={Malkov, Yu A},
  journal={IEEE transactions on pattern analysis and machine intelligence},
  volume={42},
  number={4},
  pages={824--836},
  year={2018},
  publisher={IEEE}
}


@misc{ hnsw:wiki,
author = "{Wikipedia}",
title = "Hierarchical navigable small world",
year = "2024",
url = {https://en.wikipedia.org/wiki/Hierarchical_navigable_small_world},
}


@article{voronoi:aurenhammer1991,
  title={Voronoi diagramsâ€”a survey of a fundamental geometric data structure},
  author={Aurenhammer, Franz},
  journal={ACM Computing Surveys (CSUR)},
  volume={23},
  number={3},
  pages={345--405},
  year={1991},
  publisher={ACM New York, NY, USA}
}

@article{searching:navarro2002,
  title={Searching in metric spaces by spatial approximation},
  author={Navarro, Gonzalo},
  journal={The VLDB Journal},
  volume={11},
  pages={28--46},
  year={2002},
  publisher={Springer}
}

@article{searching:chavez2001,
  title={Searching in metric spaces},
  author={Ch{\'a}vez, Edgar and Navarro, Gonzalo and Baeza-Yates, Ricardo and Marroqu{\'\i}n, Jos{\'e} Luis},
  journal={ACM computing surveys (CSUR)},
  volume={33},
  number={3},
  pages={273--321},
  year={2001},
  publisher={ACM New York, NY, USA}
}

@inproceedings{smallworld:kleinberg2000,
  title={The small-world phenomenon: An algorithmic perspective},
  author={Kleinberg, Jon},
  booktitle={Proceedings of the thirty-second annual ACM symposium on Theory of computing},
  pages={163--170},
  year={2000}
}

@inproceedings{dsfornn:yianilos1993,
  title={Data structures and algorithms for nearest neighbor search in general metric spaces},
  author={Yianilos, Peter N},
  booktitle={Soda},
  volume={93},
  number={194},
  pages={311--21},
  year={1993}
}

@article{scalable:malkov2012,
  title={Scalable Distributed Algorithm for Approximate Nearest Neighbor Search Problem in High Dimensional General Metric Spaces},
  author={Malkov, Yury and Ponomarenko, Alexander and Logvinov, Andrey and Krylov, Vladimir},
  year={2012}
}

@article{growing:malkov2016,
  title={Growing homophilic networks are natural navigable small worlds},
  author={Malkov, Yury A and Ponomarenko, Alexander},
  journal={PloS one},
  volume={11},
  number={6},
  pages={e0158162},
  year={2016},
  publisher={Public Library of Science San Francisco, CA USA}
}
