@INPROCEEDINGS{10716328,
author={Nóbrega, André and Theodoro, Ilan and Figueroa, Pascual and Falcão, Alexandre},
booktitle={2024 37th SIBGRAPI Conference on Graphics, Patterns and Images (SIBGRAPI)}, 
title={Improving Local Latent Fingerprint Representations Under Data Constraints}, 
year={2024},
volume={},
number={},
pages={1-6},
keywords={Training;Image quality;Graphics;Databases;Deformation;Training data;Contrastive learning;Fingerprint recognition;NIST;Software},
doi={10.1109/SIBGRAPI62404.2024.10716328}}
